<marc:record xmlns:marc="http://www.loc.gov/MARC21/slim" xmlns:xsi="http://www.w3.org/2001/XMLSchema-instance" xsi:schemaLocation="http://www.loc.gov/MARC21/slim http://www.loc.gov/standards/marcxml/schema/MARC21slim.xsd">
  <marc:leader>     cam a2200241 a 4500</marc:leader>
  <marc:controlfield tag="001">001685939</marc:controlfield>
  <marc:controlfield tag="003">NNU</marc:controlfield>
  <marc:controlfield tag="005">20061010173314.0</marc:controlfield>
  <marc:controlfield tag="008">980908s1955    ua       b    000 0 ara d</marc:controlfield>
  <marc:datafield tag="035" ind1="9" ind2=" ">
    <marc:subfield code="a">NYUb12229380</marc:subfield>
  </marc:datafield>
  <marc:datafield tag="035" ind1=" " ind2=" ">
    <marc:subfield code="a">(NNU)NYUb12229380</marc:subfield>
  </marc:datafield>
  <marc:datafield tag="040" ind1=" " ind2=" ">
    <marc:subfield code="c">SAZTEC</marc:subfield>
    <marc:subfield code="d">CStRLIN</marc:subfield>
    <marc:subfield code="d">UaCaAUL</marc:subfield>
  </marc:datafield>
  <marc:datafield tag="066" ind1=" " ind2=" ">
    <marc:subfield code="c">(3</marc:subfield>
  </marc:datafield>
  <marc:datafield tag="090" ind1=" " ind2=" ">
    <marc:subfield code="a">PJ6074</marc:subfield>
    <marc:subfield code="b">.J3</marc:subfield>
  </marc:datafield>
  <marc:datafield tag="100" ind1="1" ind2=" ">
    <marc:subfield code="6">01</marc:subfield>
    <marc:subfield code="a">Jawād, Muṣṭafá.</marc:subfield>
  </marc:datafield>
  <marc:datafield tag="100" ind1="1" ind2=" ">
    <marc:subfield code="6">01</marc:subfield>
    <marc:subfield code="a">جواد، مصطفى.</marc:subfield>
  </marc:datafield>
  <marc:datafield tag="245" ind1="1" ind2="3">
    <marc:subfield code="6">02</marc:subfield>
    <marc:subfield code="a">al-Mabāḥith al-lughawīyah fī al-ʻIrāq /</marc:subfield>
    <marc:subfield code="c">muḥāḍarāt alqāhā Muṣṭafá Jawād.</marc:subfield>
  </marc:datafield>
  <marc:datafield tag="245" ind1="1" ind2="3">
    <marc:subfield code="6">02</marc:subfield>
    <marc:subfield code="a">المباحث اللغوية فى العراق /</marc:subfield>
    <marc:subfield code="c">محاضرات ألقاهامصطفى جواد.</marc:subfield>
  </marc:datafield>
  <marc:datafield tag="260" ind1=" " ind2=" ">
    <marc:subfield code="6">03</marc:subfield>
    <marc:subfield code="a">[Cairo] :</marc:subfield>
    <marc:subfield code="b">Jāmiʻat al-Duwal al-ʻArabīyah, Maʻhad al-Dirāsāt al-ʻArabīyah al-ʻĀlīyah,</marc:subfield>
    <marc:subfield code="c">1955.</marc:subfield>
  </marc:datafield>
  <marc:datafield tag="260" ind1=" " ind2=" ">
    <marc:subfield code="6">03</marc:subfield>
    <marc:subfield code="a">[القاهرة] :</marc:subfield>
    <marc:subfield code="b">جامعة الذول العربية، معهد الدراسات العربية العالية،</marc:subfield>
    <marc:subfield code="c">١٩٥٥.</marc:subfield>
  </marc:datafield>
  <marc:datafield tag="300" ind1=" " ind2=" ">
    <marc:subfield code="a">136 p.</marc:subfield>
    <marc:subfield code="c">23 cm.</marc:subfield>
  </marc:datafield>
  <marc:datafield tag="504" ind1=" " ind2=" ">
    <marc:subfield code="a">Includes bibliographical references.</marc:subfield>
  </marc:datafield>
  <marc:datafield tag="650" ind1=" " ind2="0">
    <marc:subfield code="a">Arabic language.</marc:subfield>
  </marc:datafield>
  <marc:datafield tag="998" ind1=" " ind2=" ">
    <marc:subfield code="a">20010429</marc:subfield>
    <marc:subfield code="d">20010429</marc:subfield>
    <marc:subfield code="d">20010429</marc:subfield>
    <marc:subfield code="n">NNU</marc:subfield>
    <marc:subfield code="s">6</marc:subfield>
    <marc:subfield code="t">c</marc:subfield>
    <marc:subfield code="z">p</marc:subfield>
  </marc:datafield>
</marc:record>
